@article{naranjo,
author = {Martín García, Alejandro and Lara-Cabrera, Raul and Fuentes, Félix and Naranjo, Valery and Camacho, David},
year = {2017},
month = {10},
pages = {},
title = {EvoDeep: a new Evolutionary approach for automatic Deep Neural Networks parametrisation},
volume = {117},
journal = {Journal of Parallel and Distributed Computing},
doi = {10.1016/j.jpdc.2017.09.006}
}