@misc{ wiki:beamer,
   author = "Wikipedia",
   title = "Beamer (LaTeX) --- Wikipedia{,} Die freie Enzyklop√§die",
   year = "2019",
   url = "https://de.wikipedia.org/w/index.php?title=Beamer_(LaTeX)&oldid=188674114",
   note = "[Online; Stand 2. November 2020]"
 }